@inproceedings{scis2017_random,
  author = {佐古和恵 and 井口圭一},
  title = {ブロックチェーンを用いたオンラインゲーム向け検証可能乱数発生},
  year = 2017,
	booktitle = {暗号と情報セキュリティシンポジウム予稿集 (SCIS2017)},
  number = {1F2-4},
  month = {January}
}

@online{sign,
  author = {吉村 優},
  title = {コミットメントによる公平なガチャシステムと電子署名},
  year = 2016,
  url = {http://qiita.com/yyu/items/b89d6e9494712a857e10},
  urldate = {2017-2-6}
}

@online{blockchain,
  author = {吉村 優},
	title = {Bitcoinのブロックチェーンに任意の80byteデータを刻みこむ},
	year = 2017,
	url = {http://qiita.com/yyu/items/8650563126380d813e8e},
	urldate = {2017-2-6}
}
